@article{chambliss2004a,
  author = {Chambliss, H.O. and Finley, C.E. and Blair, S.N.},
  date = {2004},
  title = {Attitudes toward obese individuals among exercise science students},
  volume = {36},
  pages = {468–474},
  doi = {10.1249/01.mss.0000117115.94062.e4},
  language = {en},
  journal = {Medicine & Science in Sports & Exercise},
  number = {3}
}
@article{debarr2016a,
  author = {DeBarr, K. and Pettit, M.},
  date = {2016},
  title = {Weight matters: Health educators' knowledge of obesity and attitudes toward people who are obese},
  volume = {47},
  pages = {365–372},
  doi = {10.1080/19325037.2016.1219282},
  language = {en},
  journal = {American Journal of Health Education},
  number = {6}
}
@article{dimmock2009a,
  author = {Dimmock, J.A. and Hallett, B.E. and Grove, R.J.},
  date = {2009},
  title = {Attitudes toward overweight individuals among fitness center employees: An examination of contextual effects},
  volume = {80},
  pages = {641–647},
  doi = {10.1080/02701367.2009.10599603},
  language = {en},
  journal = {Research Quarterly for Exercise and Sport},
  number = {3}
}
@article{durso2008a,
  author = {Durso, L.E. and Latner, J.D.},
  date = {2008},
  title = {Understanding self‐directed stigma: Development of the weight bias internalization scale},
  volume = {16},
  pages = {80– 86},
  doi = {10.1038/oby.2008.448},
  language = {en},
  journal = {Obesity},
  number = {S2}
}
@article{elran-barak2018a,
  author = {Elran-Barak, R. and Bar-Anan, Y.},
  date = {2018},
  title = {Implicit and explicit anti-fat bias: The role of weight-related attitudes and beliefs},
  volume = {204},
  pages = {117–124},
  doi = {10.1016/j.socscimed.2018.03.018},
  language = {en},
  journal = {Social Science & Medicine}
}
@article{fontana2018a,
  author = {Fontana, F. and Bopes, J. and Bendixen, S. and Speed, T. and George, M. and MACK, M.},
  date = {2018},
  title = {Discrimination against obese exercise clients: An experimental study of personal trainers},
  volume = {11},
  pages = {116},
  language = {en},
  journal = {International Journal of Exercise Science},
  number = {5}
}
@article{fontana2017a,
  author = {Fontana, F. and Furtado Jr, O. and Mazzardo Jr, O. and Hong, D. and de Campos, W.},
  date = {2017},
  title = {Anti-fat bias by professors teaching physical education majors},
  volume = {23},
  pages = {127–138},
  doi = {10.1177/1356336X16643304},
  language = {en},
  journal = {European Physical Education Review},
  number = {1}
}
@article{fontana2013a,
  author = {Fontana, F. and Furtado Jr, O. and Marston, R. and Mazzardo Jr, O. and Gallagher, D.},
  date = {2013},
  title = {Anti-fat bias among physical education teachers and majors},
  volume = {70},
  pages = {15},
  language = {en},
  journal = {Physical Educator},
  number = {1}
}
@article{foster2003a,
  author = {Foster, G.D. and Wadden, T.A. and Makris, A.P. and Davidson, D. and Sanderson, R.S. and Allison, D.B. and Kessler, A.},
  date = {2003},
  title = {Primary care physicians’ attitudes about obesity and its treatment},
  volume = {11},
  pages = {1168–1177},
  doi = {10.1038/oby.2003.161},
  language = {en},
  journal = {Obesity Research},
  number = {10}
}
@article{fritz2012a,
  author = {Fritz, C.O. and Morris, P.E. and Richler, J.J.},
  date = {2012},
  title = {Effect size estimates: current use, calculations, and interpretation},
  volume = {141},
  pages = {2},
  doi = {10.1037/a0024338},
  language = {en},
  journal = {Journal of experimental psychology: General},
  number = {1}
}
@article{gardner2010a,
  author = {Gardner, R.M. and Brown, D.L.},
  date = {2010},
  title = {Body image assessment: A review of figural drawing scales},
  volume = {48},
  pages = {107–111},
  doi = {10.1016/j.paid.2009.08.017},
  language = {en},
  journal = {Personality and Individual Differences},
  number = {2}
}
@article{gawronski2006a,
  author = {Gawronski, B. and Bodenhausen, G.V.},
  date = {2006},
  title = {Associative and propositional processes in evaluation: an integrative review of implicit and explicit attitude change},
  volume = {132},
  pages = {692},
  doi = {10.1037/0033-2909.132.5.692},
  language = {en},
  journal = {Psychological Bulletin},
  number = {5}
}
@article{gibson2022a,
  author = {Gibson, G.},
  date = {2022},
  title = {Health (ism) at every size: The duties of the “good fatty”},
  volume = {11},
  pages = {22–35},
  doi = {10.1080/21604851.2021.1906526},
  language = {en},
  journal = {Fat Studies},
  number = {1}
}
@book{gordon2020a,
  author = {Gordon, A.},
  date = {2020},
  title = {What we don't talk about when we talk about fat},
  publisher = {Beacon Press},
  language = {en}
}
@article{guidi2021a,
  author = {Guidi, J. and Lucente, M. and Sonino, N. and Fava, G.A.},
  date = {2021},
  title = {Allostatic load and its impact on health: A systematic review},
  volume = {90},
  pages = {11–27},
  doi = {10.1159/000510696},
  language = {en},
  journal = {Psychotherapy and Psychosomatics},
  number = {1}
}
@article{hebl2001a,
  author = {Hebl, M.R. and Xu, J.},
  date = {2001},
  title = {Weighing the care: physicians' reactions to the size of a patient},
  volume = {25},
  pages = {1246–1252},
  doi = {10.1038/sj.ijo.0801681},
  language = {en},
  journal = {International Journal of Obesity},
  number = {8}
}
@article{heise2019a,
  author = {Heise, L. and Greene, M.E. and Opper, N. and Stavropoulou, M. and Harper, C. and Nascimento, M. and Zewdie, D. and Darmstadt, G.L. and Greene, M.E. and Hawkes, S.},
  date = {2019},
  title = {Gender inequality and restrictive gender norms: Framing the challenges to health},
  volume = {393},
  pages = {2440–2454},
  doi = {10.1016/S0140-6736(19)30652-X},
  language = {en},
  journal = {The Lancet},
  number = {10189}
}
@incollection{johansson2021a,
  author = {Johansson, A.},
  date = {2021},
  title = {Fat, black and unapologetic: Body positive activism beyond white, neoliberal rights discourses},
  pages = {113–146},
  language = {en},
  booktitle = {Pluralistic Struggles in Gender, Sexuality and Coloniality: Challenging Swedish Exceptionalism}
}
@article{langdon2016a,
  author = {Langdon, J. and Rukavina, P. and Greenleaf, C.},
  date = {2016},
  title = {Predictors of obesity bias among exercise science students},
  volume = {40},
  pages = {157–164},
  doi = {10.1152/advan.00185.2015},
  language = {en},
  journal = {Advances in Physiology Education},
  number = {2}
}
@article{lewis1997a,
  author = {Lewis, R.J. and Cash, T.F. and Bubb‐Lewis, C.},
  date = {1997},
  title = {Prejudice toward fat people: the development and validation of the antifat attitudes test},
  volume = {5},
  pages = {297–307},
  doi = {10.1002/j.1550-8528.1997.tb00555.x},
  language = {en},
  journal = {Obesity Research},
  number = {4}
}
@article{marini2013a,
  author = {Marini, M. and Sriram, N. and Schnabel, K. and Maliszewski, N. and Devos, T. and Ekehammar, B. and Wiers, R. and HuaJian, C. and Somogyi, M. and Shiomura, K.},
  date = {2013},
  title = {Overweight people have low levels of implicit weight bias, but overweight nations have high levels of implicit weight bias},
  volume = {8},
  pages = {83543},
  doi = {10.1371/journal.pone.0083543},
  language = {en},
  journal = {PloS one},
  number = {12}
}
@article{mensinger2016a,
  author = {Mensinger, J.L. and Calogero, R.M. and Tylka, T.L.},
  date = {2016},
  title = {Internalized weight stigma moderates eating behavior outcomes in women with high BMI participating in a healthy living program},
  volume = {102},
  pages = {32–43},
  doi = {10.1016/j.appet.2016.01.033},
  language = {en},
  journal = {Appetite}
}
@article{milburn2019a,
  author = {Milburn, N.G. and Beatty, L. and Lopez, S.A.},
  date = {2019},
  title = {Understanding, unpacking, and eliminating health disparities: A prescription for health equity promotion through behavioral and psychological research—An introduction},
  volume = {25},
  pages = {1},
  doi = {10.1037/cdp0000266},
  language = {en},
  journal = {Cultural Diversity and Ethnic Minority Psychology},
  number = {1}
}
@article{obrien2007a,
  author = {O'Brien, K.S. and Hunter, J.A. and Banks, M.},
  date = {2007},
  title = {Implicit anti-fat bias in physical educators: Physical attributes, ideology and socialization},
  volume = {31},
  pages = {308–314},
  doi = {10.1038/sj.ijo.0803398},
  language = {en},
  journal = {International Journal of Obesity},
  number = {2}
}
@article{pearl2019a,
  author = {Pearl, R. and Himmelstein, M. and Puhl, R. and Wadden, T. and Wojtanowski, A. and Foster, G.},
  date = {2019},
  title = {Weight bias internalization in a commercial weight management sample: prevalence and correlates},
  volume = {5},
  pages = {342–353},
  doi = {10.1002/osp4.354},
  language = {en},
  journal = {Obesity Science & Practice},
  number = {4}
}
@article{perez2001a,
  author = {Perez‐Lopez, M.S. and Lewis, R.J. and Cash, T.F.},
  date = {2001},
  title = {The relationship of antifat attitudes to other prejudicial and gender‐related attitudes},
  volume = {31},
  pages = {683–697},
  doi = {10.1111/j.1559-1816.2001.tb01408.x},
  language = {en},
  journal = {Journal of Applied Social Psychology},
  number = {4}
}
@article{puhl2015a,
  author = {Puhl, R.M. and Latner, J. and O'Brien, K. and Luedicke, J. and Daníelsdóttir, S. and Forhan, M.},
  date = {2015},
  title = {A multinational examination of weight bias: predictors of anti-fat attitudes across four countries},
  volume = {39},
  pages = {1166–1173},
  doi = {10.1038/ijo.2015.32},
  language = {en},
  journal = {International Journal of Obesity},
  number = {7}
}
@article{robertson2008a,
  author = {Robertson, N. and Vohora, R.},
  date = {2008},
  title = {Fitness vs. fatness: Implicit bias towards obesity among fitness professionals and regular exercisers},
  volume = {9},
  pages = {547–557},
  doi = {10.1016/j.psychsport.2007.06.002},
  language = {en},
  journal = {Psychology of Sport and Exercise},
  number = {4}
}
@article{roehling2007a,
  author = {Roehling, M.V. and Roehling, P.V. and Pichler, S.},
  date = {2007},
  title = {The relationship between body weight and perceived weight-related employment discrimination: The role of sex and race},
  volume = {71},
  pages = {300–318},
  doi = {10.1016/j.jvb.2007.04.008},
  language = {en},
  journal = {Journal of Vocational Behavior},
  number = {2}
}
@article{rukavina2010a,
  author = {Rukavina, P.B. and Li, W. and Shen, B. and Sun, H.},
  date = {2010},
  title = {A service learning based project to change implicit and explicit bias toward obese individuals in kinesiology pre-professionals},
  volume = {3},
  pages = {117–126},
  doi = {10.1159/000302794},
  language = {en},
  journal = {Obesity Facts},
  number = {2}
}
@article{sartore2007a,
  author = {Sartore, M.L. and Cunningham, G.B.},
  date = {2007},
  title = {Weight discrimination, hiring recommendations, person–job fit, and attributions: Fitness-industry implications},
  volume = {21},
  pages = {172–193},
  doi = {10.1123/jsm.21.2.172},
  language = {en},
  journal = {Journal of Sport Management},
  number = {2}
}
@article{schwartz2003a,
  author = {Schwartz, M.B. and Chambliss, H.O. and Brownell, K.D. and Blair, S.N. and Billington, C.},
  date = {2003},
  title = {Weight bias among health professionals specializing in obesity},
  volume = {11},
  pages = {1033–1039},
  doi = {10.1038/oby.2003.142},
  language = {en},
  journal = {Obesity Research},
  number = {9}
}
@book{strings2020a,
  author = {Strings, S.},
  date = {2020},
  title = {Fearing the Black Body: The Racial Origins of Fat Phobia},
  publisher = {Oxford University Press},
  doi = {10.1177/0094306120915912nn},
  language = {en}
}
@article{strings2019a,
  author = {Strings, S. and Headen, I. and Spencer, B.},
  date = {2019},
  title = {Yoga as a technology of femininity: Disciplining white women, disappearing people of color in Yoga Journal},
  volume = {8},
  pages = {334–348},
  doi = {10.1080/21604851.2019.1583527},
  language = {en},
  journal = {Fat Studies},
  number = {3}
}
@article{sutin2013a,
  author = {Sutin, A.R. and Terracciano, A.},
  date = {2013},
  title = {Perceived weight discrimination and obesity},
  volume = {8},
  pages = {70048},
  doi = {10.1371/journal.pone.0070048},
  language = {en},
  journal = {PloS one},
  number = {7}
}
@book{tesh1988a,
  author = {Tesh, S.N. and Tesh, S.},
  date = {1988},
  title = {Hidden arguments: Political ideology and disease prevention policy},
  publisher = {Rutgers University Press},
  language = {en}
}
@article{vartanian2011a,
  author = {Vartanian, L.R. and Novak, S.A.},
  date = {2011},
  title = {Internalized societal attitudes moderate the impact of weight stigma on avoidance of exercise},
  volume = {19},
  pages = {757–762},
  doi = {10.1038/oby.2010.234},
  language = {en},
  journal = {Obesity},
  number = {4}
}
@article{washington2011a,
  author = {Washington, R.L.},
  date = {2011},
  title = {Childhood obesity: Issues of weight bias},
  volume = {8},
  language = {en},
  journal = {Preventing Chronic Disease},
  number = {5}
}
@article{wijayatunga2019a,
  author = {Wijayatunga, N.N. and Kim, Y. and Butsch, W.S. and Dhurandhar, E.J.},
  date = {2019},
  title = {The effects of a teaching intervention on weight bias among kinesiology undergraduate students},
  volume = {43},
  pages = {2273–2281},
  doi = {10.1038/s41366-019-0325-0},
  language = {en},
  journal = {International Journal of Obesity},
  number = {11}
}
@article{zaroubi2021a,
  author = {Zaroubi, L. and Samaan, T. and Alberga, A.S.},
  date = {2021},
  title = {Predictors of weight bias in exercise science students and fitness professionals: A scoping review},
  doi = {10.1155/2021/5597452},
  language = {en},
  journal = {Journal of Obesity}
}